3530 5650
436 639 669 690 consensisse
694 641 752 692 son
776 643 815 691 sn
834 641 912 690 essa
931 643 951 689 s
970 641 1009 690 sn
1033 641 1133 691 ssent
1312 621 1381 691 203

191 777 246 840 site
265 775 413 858 i'appetio
430 775 550 842 visibile
568 779 596 842 si
613 781 821 860 ropprstenti‚
841 798 861 844 a·
876 775 912 842 in
930 787 1010 844 tatto
1031 799 1050 846 ο
1072 782 1108 844 ia
1131 781 1255 862 mipiior
1272 783 1376 857 mods,

189 903 247 968 per
263 885 347 951 iinea
363 893 457 959 resto.
476 888 556 951 ende
570 905 629 969 per
651 887 717 954 iero
742 887 801 970 pta
830 889 941 954 saiers
969 887 1170 972 intsiiipeneo
1198 889 1385 956 deserissns

191 995 294 1078 pneiio
316 996 363 1060 ier
385 997 541 1078 piramide
572 998 731 1064 tritineere
759 999 960 1065 ottriiaends
987 999 1051 1065 aiio
1080 999 1164 1066 lines
1181 1001 1214 1066 di
1230 1019 1334 1068 mezzo
1355 1003 1380 1066 ii

185 1114 290 1188 ponto
307 1105 374 1169 deii
384 1105 486 1189 effetis
499 1108 675 1191 prinsipaie
694 1108 774 1174 deiio
790 1109 879 1174 virid
897 1112 1013 1185 nitiva,
1037 1109 1075 1175 sd
1095 1111 1224 1176 insieme
1247 1112 1314 1176 deti
1324 1131 1383 1195 ep-

190 1222 271 1298 astts
288 1215 416 1282 visibile.
438 1215 552 1282 Toleni
571 1218 624 1282 aei
641 1220 897 1302 sorpo'diosona,
916 1221 928 1284 i
947 1220 1025 1285 tans·
1046 1241 1065 1286 ο
1088 1220 1183 1286 ssisri
1201 1221 1261 1303 pisi
1283 1221 1380 1286 debsii

192 1327 400 1392 sonssrrends
416 1329 545 1392 insieme
564 1347 623 1394 son
639 1331 652 1392 i
666 1329 726 1411 piri
739 1331 874 1412 potenti,
895 1349 912 1394 e
930 1349 996 1396 nso
1012 1331 1075 1396 sais
1093 1331 1309 1396 direttomsnts
1327 1351 1387 1396 ms·

192 1435 404 1504 ieteroimente
419 1441 644 1520 oppressissem,
656 1458 716 1522 per
733 1440 765 1504 is
778 1437 938 1524 diotonitd
954 1459 1040 1525 sper
1054 1442 1084 1507 io
1098 1440 1269 1524 obbiiqaitd
1282 1463 1301 1507 s
1315 1461 1387 1507 nen

191 1549 522 1632 sempersenmper
543 1567 609 1614 nan
637 1551 831 1633 sosimenes,
862 1551 990 1616 sedisne
1020 1552 1104 1617 neiio
1132 1555 1293 1639 superficie
1316 1572 1382 1618 non

192 1660 324 1743 diesem
341 1659 519 1725 osrsiitans
537 1660 568 1725 ia
582 1678 643 1726 sne
657 1658 807 1726 sisisiiitd
821 1681 837 1726 e
852 1663 1044 1745 retiessions,
1063 1661 1179 1746 persii
1193 1681 1260 1729 noo
1275 1663 1389 1730 sonno·

192 1769 223 1836 ie
234 1772 457 1852 penetroeians
476 1771 518 1834 de
535 1773 588 1834 sni
604 1773 723 1835 restine
754 1770 770 1856 (
769 1788 827 1854 per
851 1791 899 1836 aa
929 1780 1012 1838 serto
1039 1774 1131 1839 mods
1158 1771 1382 1858 distendere)

191 1883 288 1964 qnasi
302 1880 459 1946 sssnltoti
477 1880 536 1947 Ha
553 1883 599 1946 mi
616 1877 759 1945 sniederd
777 1885 892 1947 nisano
910 1884 999 1964 paoli
1023 1892 1225 1966 trospersnee
1242 1887 1270 1949 si
1287 1903 1389 1966 pene-

190 1992 277 2067 rins,
296 1991 334 2055 ed
352 1992 388 2055 in
406 1989 484 2072 pnoi
499 1993 660 2066 suniero,
678 1993 715 2055 in
728 2009 776 2054 an
793 2000 940 2072 arpente,
959 1993 995 2056 in
1013 2009 1060 2056 an
1077 1995 1211 2068 assisio,
1229 2013 1249 2058 s
1265 1993 1387 2060 einans

191 2102 356 2170 dait'emer
377 2099 514 2166 branito.
534 2098 577 2166 et
594 2101 649 2166 sae
667 2102 855 2183 sappianpm
872 2102 927 2165 sae
949 2100 991 2165 de
1019 2099 1123 2184 qaeiio
1149 2103 1384 2185 sanirisooiene

190 2215 219 2280 si
235 2215 272 2297 [a
289 2228 360 2276 ana
377 2211 579 2293 dispssieiane
596 2209 655 2294 pini
668 2220 738 2276 otte
752 2210 817 2276 aiio
826 2212 1049 2294 penstroeiene
1064 2212 1114 2277 dei
1128 2211 1225 2288 inme,
1243 2233 1259 2277 e
1276 2219 1390 2296 queste

193 2323 299 2396 desto,-
316 2321 444 2386 esssnds
460 2339 527 2386 esse
556 2323 637 2388 toene
667 2340 714 2387 an
742 2323 901 2387 assidente
930 2322 1166 2404 neoresipiiass,
1196 2322 1229 2388 di
1256 2319 1391 2389 attisitd'

191 2431 363 2505 indisiiiie,
383 2433 448 2506 site,
463 2449 523 2498 san
537 2431 626 2496 mods
640 2431 849 2514 diffisiiissims
864 2432 906 2497 do
921 2432 1107 2508 intendenti,
1119 2441 1253 2515 penetra
1269 2435 1283 2499 i
1299 2435 1391 2515 sarpi-

194 2545 288 2610 insidi
306 2539 460 2610 onsarsad
479 2542 654 2615 donnini,
674 2559 690 2604 e
709 2540 751 2605 de
769 2539 815 2606 iar
829 2543 857 2606 si
875 2543 1003 2625 sitietis,
1018 2539 1140 2624 paroni
1157 2543 1331 2607 s'inssntri
1349 2543 1387 2606 in

192 2671 288 2736 spese
306 2653 503 2719 terrninante.
812 2664 824 2684 ⁸

281 2763 343 2829 Dei
360 2763 420 2828 dne
439 2762 534 2845 dnttj
548 2765 688 2846 properti
706 2763 776 2828 neii'
789 2764 984 2830 andisesimo
1001 2766 1141 2839 ittonae,
1160 2763 1185 2830 ii
1199 2763 1301 2846 prims
1321 2781 1389 2828 nan

190 2885 284 2960 porte
306 2877 533 2948 controversia,
561 2877 637 2940 enei
667 2875 829 2959 censorino
848 2875 879 2940 io
901 2877 968 2942 mio
991 2877 1150 2958 pssioione
1178 2875 1244 2939 deii
1254 2876 1386 2957 oppane

189 3005 246 3071 pes
263 2988 355 3069 sappi
372 2987 447 3052 retti
466 2986 490 3050 ii
506 3003 597 3068 serpe
616 2987 770 3052 dominata
788 3006 831 3051 es.

286 3095 420 3164 dissensi
434 3115 490 3180 per
509 3106 619 3180 pnesto
637 3097 861 3172 camoenalem,
877 3099 961 3163 neiio
973 3098 1161 3164 dedisesima
1174 3099 1314 3171 idoneo,
1331 3098 1387 3162 eis

194 3211 360 3295 apparisce
378 3210 521 3292 meppiar
541 3208 637 3282 inme,
657 3211 818 3291 appianae
836 3209 891 3272 sne
909 3206 957 3274 sid
975 3227 1041 3273 non
1059 3206 1149 3291 iper
1171 3207 1196 3272 le
1218 3207 1308 3273 meite
1330 3225 1387 3270 sn·

189 3321 375 3405 partientis,-
392 3319 430 3384 sd
449 3321 550 3383 esseni
568 3338 615 3383 nn
631 3318 714 3382 altro
728 3327 831 3400 panto
858 3318 1084 3383 d'inssstonea
1111 3319 1165 3382 nei
1181 3320 1279 3385 vestri
1301 3317 1386 3382 detti.

281 3428 343 3494 Ait
353 3431 510 3512 oppianto
528 3428 601 3515 (ede
618 3425 634 3493 i
649 3431 673 3493 ii
693 3428 885 3494 tredisesime
900 3428 995 3516 seps)
1015 3429 1098 3503 dise,
1113 3429 1168 3494 site
1182 3431 1219 3493 in
1232 3447 1279 3493 nn
1294 3446 1387 3510 serpo

190 3542 309 3625 pieesie
319 3541 478 3606 deminots
496 3559 515 3604 s
531 3539 733 3621 rispaordots
745 3539 924 3603 tstoimente
934 3539 976 3602 de
987 3557 1034 3604 an
1046 3537 1387 3620 inminesoprondissi·

194 3671 253 3726 mo,
266 3667 331 3716 nan
336 3667 472 3734 possano
482 3650 590 3715 sedere
602 3657 712 3714 estesse
726 3647 905 3731 differente,
919 3668 937 3714 s
952 3667 1017 3714 aaa
1029 3667 1163 3730 possens
1176 3666 1275 3713 essere
1287 3647 1389 3712 sensi-

196 3758 503 3837 disseminassent
513 3761 545 3824 ie
556 3767 666 3825 nostre
676 3761 774 3835 visto,
785 3761 822 3824 in
835 3759 1212 3842 {sodonnntamoterioie
1223 3759 1386 3841 meantem

194 3874 315 3940 mseras
330 3871 473 3954 i'oppetta
484 3873 757 3954 sonprapsrzione
769 3871 801 3936 di
814 3867 963 3952 qaantitd
972 3870 1212 3954 conformedne
1218 3872 1274 3954 psi
1284 3888 1350 3935 nsn
1360 3871 1389 3932 si

197 3978 503 4050 sedetssressoaritd
514 3983 547 4046 di
558 3981 632 4046 seiii
641 3999 752 4047 assere
761 3979 867 4046 embre
879 3979 912 4045 di
920 3989 1090 4063 nwntepne
1099 3981 1269 4064 {reppsste
1275 3975 1390 4062 persisti

197 4095 414 4162 direttomsnte
429 4111 507 4158 sono
523 4095 667 4158 eimirote
683 4091 736 4157 doi
749 4089 835 4167 Sale,
853 4110 870 4154 e
886 4091 940 4156 aas
954 4108 1103 4173 osanpne
1118 4108 1185 4156 esso
1199 4086 1263 4154 essi
1277 4089 1392 4154 rimisa

198 4203 215 4270 i
227 4207 420 4279 stamineis,
436 4223 452 4268 e
467 4221 534 4269 nen
546 4205 579 4269 si
588 4201 656 4285 pati
670 4219 768 4267 essere
784 4199 894 4266 sendra
908 4201 940 4266 di
954 4209 1037 4266 sorte
1052 4199 1183 4274 emona,
1197 4201 1231 4264 oi
1243 4197 1391 4282 rispondo

199 4318 252 4383 sne
266 4335 412 4382 nemmen
425 4321 536 4398 paene
551 4311 567 4379 i
581 4314 742 4398 pasieisne
756 4311 909 4385 evidente,
929 4307 1165 4384 concinnasti,
1181 4317 1392 4391 qaeatnnqae

200 4425 307 4493 iiSoie
321 4427 484 4510 enpaardi
502 4425 718 4491 direttemente
738 4430 817 4488 totta
835 4423 860 4486 ii
874 4421 957 4486 dass
972 4419 1051 4485 delio
1063 4419 1166 4494 Lana,
1188 4418 1207 4481 i
1217 4413 1394 4500 inepneiitd

199 4537 389 4620 nondimeno
407 4535 480 4602 deiie
502 4553 558 4600 sae
583 4535 672 4618 porti
696 4531 799 4617 (soene
822 4533 950 4596 asserite
973 4530 1042 4618 sei)
1062 4549 1077 4594 e
1097 4529 1128 4595 io
1146 4531 1210 4596 iore
1241 4523 1394 4610 obiiqaitd

202 4647 229 4710 si
245 4663 362 4730 oppane
380 4649 414 4712 ei
431 4647 537 4710 diretti
555 4646 647 4727 repsi
667 4641 715 4708 dei
731 4640 816 4717 Seis,
836 4660 852 4705 e
870 4645 907 4726 se
923 4641 1033 4708 embra
1049 4641 1108 4706 oiie
1124 4643 1227 4724 porti,
1246 4659 1262 4704 s
1280 4646 1394 4722 poeste

201 4756 341 4836 petresse
357 4756 492 4831 sedersi,
504 4775 586 4822 some
597 4757 621 4821 ii
632 4747 718 4828 Sele,
733 4753 848 4818 eii'ore
863 4752 986 4835 saepiri
997 4753 1212 4818 direttoments
1223 4747 1401 4831 rispnordo.
