3530 5650
379 641 445 707 202
792 657 1035 706 eseeesesesone
1058 655 1169 717 eomes

374 792 601 861 innumerabili
630 789 779 858 dieerrite
808 793 1052 860 si'ineiinoeioni
1071 815 1129 869 ee,
1148 797 1180 860 io
1199 810 1264 858 nen
1280 810 1314 858 so
1333 809 1416 857 eooee
1430 794 1566 875 posrioie

373 905 422 970 eie
445 923 504 970 eon
532 905 662 985 ropione
682 906 918 986 immepinorei.
934 905 1050 970 Diremi
1064 925 1123 988 per
1138 906 1286 970 eoreeeio:
1303 911 1408 986 poesie
1423 907 1567 987 pieeoiir-

374 1017 450 1080 sime
467 1015 672 1098 soperfieieite
690 1031 766 1079 sono
782 1022 833 1080 iro
851 1015 916 1079 iero
934 1017 1116 1081 eontinnete
1136 1035 1155 1080 ο
1170 1015 1233 1081 ne?
1246 1033 1278 1079 se
1293 1033 1370 1079 sono
1383 1017 1566 1080 continuere

373 1145 515 1193 sereneo
532 1143 601 1190 nno
617 1128 699 1200 soie,
719 1123 818 1192 ond'i
836 1143 922 1190 mero
941 1121 1058 1208 plooi'io
1080 1125 1250 1192 eniemorle
1278 1125 1370 1190 mene
1392 1145 1409 1190 e
1430 1125 1566 1192 diverse:

374 1257 405 1302 se
424 1257 489 1303 non
507 1255 584 1302 seno
602 1239 798 1311 contineam,
818 1238 849 1300 lo
868 1236 960 1301 totels
990 1255 1054 1301 non
1082 1235 1210 1300 serebbe
1230 1253 1299 1299 nne
1315 1237 1499 1320 superficie..
1512 1253 1566 1299 mo

375 1364 443 1412 eno
459 1349 686 1428 opprepeeione
704 1347 738 1411 di
754 1348 846 1411 meite
865 1347 984 1412 diverse
1004 1366 1020 1410 e
1039 1346 1168 1442 discrete
1186 1363 1207 1410 e
1224 1347 1318 1428 pniso
1332 1345 1364 1410 di
1378 1363 1448 1410 nne
1461 1363 1567 1428 enen-

376 1455 435 1522 rire
453 1457 486 1522 di
504 1459 662 1539 seepiieue
680 1458 810 1520 insieme
829 1459 928 1522 onice.
955 1452 1010 1522 Mi
1028 1457 1126 1522 direte
1154 1467 1237 1520 esser
1258 1458 1440 1522 continuere
1469 1464 1565 1530 neree,

373 1587 427 1632 me
442 1565 517 1650 pero
534 1567 566 1632 ee·
584 1569 643 1632 e'eo
666 1586 682 1631 e
711 1567 745 1632 ee·
772 1567 892 1632 rilieoo·
910 1569 1069 1648 inepoeim
1099 1569 1229 1632 secondo
1247 1568 1279 1632 io
1296 1566 1373 1651 quel
1390 1569 1565 1632 retorsione

373 1681 497 1745 diverse
511 1694 645 1760 persono
663 1678 835 1743 eniomorsi
863 1679 1067 1762 superponere
1096 1678 1231 1752 diverse,
1262 1695 1346 1744 oome
1363 1675 1566 1743 eeeeeereoee

372 1791 409 1856 in
427 1808 473 1853 on
490 1805 597 1862 moro,
616 1789 653 1851 in
671 1805 741 1853 nno
758 1791 851 1853 eer'io
867 1789 990 1852 rosiieo
1019 1805 1063 1852 ee.
1092 1785 1267 1871 Siooipnr
1285 1805 1427 1852 eoneesro
1443 1795 1566 1870 pererio,

372 1900 410 1964 ed
427 1918 448 1964 o
466 1906 571 1966 nostre
591 1897 780 1980 benepieeiio
797 1899 833 1962 in
857 1896 914 1962 inii
936 1899 1022 1980 coepi
1040 1899 1068 1961 si
1084 1899 1231 1980 [occiano
1262 1907 1369 1980 poeste
1396 1899 1566 1983 reflessioni

371 2029 427 2092 per
445 2011 472 2074 le
490 2017 592 2074 eostre
610 2009 701 2073 meite
719 2009 939 2092 superficiem,
970 2007 1054 2073 dolio
1081 2003 1254 2092 difformis&
1272 2008 1346 2072 eeiie
1368 2011 1458 2090 quoii
1474 2027 1567 2074 nosse

375 2114 613 2202 lonnisormiio
630 2119 679 2182 dei
695 2119 831 2203 riflesso,
853 2118 936 2182 esio
955 2118 986 2182 lo
1003 2119 1132 2200 eopione
1151 2119 1288 2184 deterior
1309 2117 1507 2202 eeleeffeeeee
1527 2119 1569 2184 ori

372 2231 447 2313 oprei
465 2226 555 2294 meee
573 2231 625 2295 oei
642 2247 709 2294 non
727 2229 892 2294 diseorreie
911 2228 1178 2304 eotenneememe,
1206 2227 1314 2311 poieni
1336 2229 1475 2294 doeeneio
1491 2247 1567 2312 per·

373 2341 438 2406 iere
457 2343 494 2405 ie
512 2341 704 2414 universale,
724 2342 757 2404 ei
773 2342 953 2422 riserinpete
971 2340 1014 2404 od
1030 2340 1138 2403 elenni
1151 2341 1353 2420 pertieoleri
1376 2358 1398 2405 ο
1420 2343 1514 2422 poise
1531 2341 1564 2405 ei

372 2453 423 2517 eni
441 2452 554 2518 volesse
568 2468 704 2534 provere
725 2451 799 2514 retii
816 2450 860 2532 pii
878 2451 1000 2514 nemini
1014 2449 1046 2514 di
1062 2467 1129 2513 nne
1144 2445 1222 2514 eino
1238 2467 1321 2514 esser
1336 2451 1443 2526 cincei,
1454 2451 1567 2532 perere

372 2579 410 2625 ee
427 2578 466 2624 ne
486 2560 581 2624 ebbio
609 2563 683 2625 nisse·
702 2561 772 2634 teli,
791 2558 824 2624 ol
841 2577 973 2624 numero
991 2559 1023 2623 di
1042 2567 1106 2624 etio
1123 2577 1142 2624 o
1160 2560 1248 2624 eieci.
1277 2558 1362 2627 Neiie
1391 2564 1566 2648 superficie.

374 2672 540 2753 odoreque,
560 2669 631 2734 liree
649 2690 666 2734 e
684 2689 750 2736 non
769 2673 974 2754 imponenti,
993 2671 1067 2735 dolie
1086 2671 1175 2753 quoii
1200 2689 1231 2736 se
1258 2691 1297 2736 ne
1318 2680 1451 2738 troeeno
1469 2676 1568 2740 innn-

374 2780 531 2855 merebiii,
557 2799 623 2844 non
638 2789 758 2862 potrere
778 2785 942 2864 essionere
961 2790 1068 2864 queste
1084 2783 1202 2846 diverse
1220 2785 1424 2868 superficierte
1447 2782 1488 2850 ni
1510 2805 1569 2868 per

375 2894 683 2968 eismneineeeione
704 2893 743 2959 ni
756 2913 816 2976 per
834 2890 1023 2976 inepneiiiei‚
1043 2913 1155 2976 epure
1173 2895 1210 2958 in
1228 2911 1292 2959 esre
1310 2897 1338 2960 ri
1358 2896 1396 2979 so
1413 2913 1473 2978 per
1495 2900 1568 2980 opni

370 3012 464 3086 porte
489 3005 687 3085 pienomenie
706 3004 730 3069 il
745 3005 880 3089 riflesse:
908 3005 1036 3086 denque
1066 3021 1131 3068 non
1158 3004 1198 3086 fo
1225 2995 1258 3068 [ο
1286 2995 1384 3071 ronse
1412 3007 1568 3090 οάοοοοιο

374 3122 486 3198 qnesee
503 3111 698 3180 numerosiio
715 3115 748 3180 di
765 3118 839 3200 pineo
857 3117 1076 3198 superponite,
1098 3132 1113 3176 e
1133 3131 1192 3196 per
1209 3125 1423 3198 eonsepneoie,
1438 3119 1452 3180 i
1472 3121 1568 3184 nostri

375 3227 507 3292 diseorri
525 3244 590 3290 nen
615 3245 692 3291 sene
710 3227 884 3291 seienzioti.
901 3224 955 3289 Ed
972 3227 1003 3288 ie
1025 3224 1106 3289 direi
1141 3223 1391 3309 (rimeirensiomi
1408 3245 1527 3312 rempre
1546 3246 1568 3293 e

376 3339 427 3402 ehi
444 3355 482 3402 se
500 3337 566 3402 dire
581 3337 619 3401 ed
633 3337 777 3402 intensior
790 3334 930 3422 meplio),
945 3336 999 3400 eins
1015 3335 1117 3400 iinon
1131 3336 1290 3419 riflettersi
1304 3337 1328 3400 ii
1345 3337 1441 3412 inme,
1457 3346 1568 3405 eeoeiio

376 3449 431 3513 ene
449 3447 491 3513 de
518 3464 587 3512 ono
610 3455 702 3530 porte
732 3451 784 3512 nei
813 3449 899 3529 coepi
929 3447 1003 3511 tersi
1021 3465 1037 3510 e
1056 3448 1262 3528 iresporenti,
1292 3465 1357 3512 non
1379 3449 1517 3532 dieenpo
1532 3451 1567 3514 io

376 3566 469 3624 eonio
491 3557 605 3622 oienne
622 3557 706 3621 daile
720 3557 808 3622 oiriei
825 3557 905 3622 dolie
923 3557 1085 3640 superficie
1105 3557 1214 3631 ιοιοῑο,
1241 3556 1354 3639 pereni
1373 3558 1420 3624 sio
1438 3559 1568 3624 osrede-

375 3667 467 3732 reibe
486 3666 611 3731 emolii
625 3666 700 3732 eirri
718 3669 818 3748 eorpi,
848 3669 902 3732 ene
931 3686 997 3732 non
1025 3668 1153 3742 aceede,
1184 3685 1268 3734 eome
1286 3669 1326 3734 iio
1344 3671 1442 3763 deiioe
1460 3689 1515 3737 mo
1536 3669 1568 3734 di

377 3776 426 3842 eie)
455 3779 506 3843 rie
532 3778 564 3842 Ie
592 3779 721 3859 eopione
748 3777 861 3841 i’esser
889 3777 921 3842 di
948 3795 1010 3842 sne
1038 3787 1159 3844 noemre
1185 3779 1368 3861 permeniiii
1390 3780 1443 3844 oei
1472 3781 1565 3855 lome,

377 3885 477 3954 toloni
494 3887 651 3968 possonsio
669 3904 734 3952 erse
752 3885 833 3951 inme
852 3889 962 3953 reensi
980 3905 1078 3970 eeppo
1095 3890 1172 3972 [eor
1190 3891 1245 3954 ene
1268 3891 1303 3956 in
1332 3891 1436 3972 puello
1463 3901 1566 3972 perte,

377 3998 462 4063 nelle
488 3998 581 4080 emole
608 3997 826 4062 diretiermenie
846 3998 870 4063 il
887 4016 978 4081 eorpo
1006 3999 1160 4064 inminere
1178 4019 1197 4064 ο
1215 4000 1366 4066 scelerare
1388 4002 1416 4064 si
1437 4018 1569 4083 roppre-

378 4117 480 4183 seme,
499 4109 594 4191 poesi
612 4108 665 4172 ene
683 4127 740 4190 per
760 4108 790 4173 io
807 4127 869 4174 sne
881 4127 1036 4192 presrneo
1053 4111 1170 4175 diretta
1191 4109 1251 4191 piei
1268 4112 1411 4192 riporere
1435 4129 1451 4174 e
1474 4128 1569 4175 senze

379 4220 584 4302 lonpoidezeo
602 4220 730 4284 insieme
748 4221 885 4301 peneeri,
906 4239 921 4283 e
940 4239 1005 4284 non
1026 4221 1076 4285 sio
1097 4227 1246 4302 snperato
1268 4219 1321 4285 ἀοῖ
1343 4218 1504 4284 tenebrose
1521 4219 1568 4284 dei

378 4347 470 4411 eorpo
486 4301 631 4412 eiiesom,
649 4349 703 4395 me
719 4331 916 4412 pienemerete
934 4330 1065 4404 evonzi,
1084 4331 1300 4410 speeielmeme
1318 4348 1351 4394 ee
1369 4329 1461 4395 sinii
1479 4347 1569 4412 eorpo

375 4449 631 4524 roppresenionee
651 4443 819 4505 terminato
840 4439 881 4504 de
910 4457 1019 4520 opero,
1049 4438 1222 4504 olerineenii
1241 4458 1297 4514 noe
1314 4459 1329 4504 e
1350 4448 1462 4522 peresio
1479 4439 1568 4506 oirtsi

375 4571 441 4618 non
459 4553 487 4617 si
505 4553 640 4618 cencede
658 4570 679 4616 ο
699 4550 780 4616 inme
794 4550 855 4633 pio
873 4549 988 4628 debeis,
1007 4567 1026 4614 o
1046 4559 1283 4632 reprensentare
1306 4549 1535 4626 ietereimente,·
1551 4569 1566 4614 e

371 4663 479 4748 peroio
499 4664 578 4730 nolio
596 4665 734 4746 sperchio
762 4664 907 4728 rimireio
932 4679 990 4745 per
1017 4660 1134 4725 eolieHo
1161 4680 1226 4727 nore
1255 4665 1283 4726 si
1312 4657 1353 4726 dei
1382 4664 1407 4728 il
1433 4662 1565 4744 maesse,

375 4774 605 4842 omeiemenie.
629 4772 729 4840 Eoos·
751 4783 851 4857 sopeee
881 4773 1046 4840 benissimo
1075 4773 1128 4837 ene
1159 4775 1170 4838 i
1194 4774 1379 4858 prosperiiei
1409 4771 1564 4855 melione,
