3582 5650
364 642 426 708 126
774 657 1016 708 sssnoerszsoos
1039 657 1132 708 onius

360 819 376 861 e
395 797 414 860 i’
425 814 497 879 opre
517 797 624 860 istesse
641 796 817 877 uqqiustute
841 813 857 858 e
886 793 983 876 deque
1001 793 1034 858 ei
1048 808 1186 876 persono
1198 787 1405 873 rnqioneooie.
1420 786 1480 854 Nei
1493 805 1544 852 se·

360 901 459 972 condo
475 903 565 970 modo
583 902 643 987 eqii
660 902 788 970 sorebbe
801 903 949 988 perfetio,
968 911 1089 968 mentre
1105 903 1186 986 [osse
1206 901 1239 966 di
1255 900 1389 983 eompito
1403 908 1543 976 sutura,

361 1035 428 1081 non
449 1015 493 1097 qli
508 1031 671 1080 mnnoosse
688 1014 784 1081 oieun
800 1012 951 1087 membm,
970 1031 1035 1078 non
1051 1013 1134 1096 [osee
1151 1011 1261 1094 qoooo,
1278 1027 1380 1085 nono,
1393 1028 1475 1084 ee,e
1492 1027 1544 1075 se-

359 1125 458 1190 oomio
473 1131 584 1208 queem
598 1123 869 1198 considerosiene,
887 1123 992 1188 niuno
1004 1131 1097 1205 porte
1115 1120 1181 1205 pus)
1200 1122 1371 1186 enunieret
1388 1120 1545 1187 oseoiuto·

361 1241 464 1298 mente
476 1233 629 1317 perfetio,
652 1232 781 1298 essendo
802 1232 951 1298 moisem
973 1231 1006 1298 oi
1026 1251 1083 1298 suo
1107 1241 1200 1309 tutto,
1224 1251 1239 1296 e
1259 1249 1319 1314 per
1340 1239 1544 1313 consequente

355 1343 532 1424 monetote
551 1361 567 1408 e
584 1343 800 1422 mommsen,
819 1340 964 1422 sebbene,
984 1361 1068 1408 sonte
1082 1352 1189 1426 porte,
1206 1339 1269 1427 pusi
1288 1341 1428 1407 noereio
1439 1340 1545 1424 perle-

322 1489 328 1500 ·
358 1455 448 1519 sione
476 1453 629 1520 dooutoie
662 1451 709 1521 Or
736 1462 856 1520 mentre
886 1449 1049 1520 Aristotiie
1080 1455 1116 1518 in
1143 1461 1253 1537 questo
1284 1469 1361 1535 eope
1390 1453 1545 1534 preeitoio

358 1563 434 1628 ossei
445 1581 566 1648 proonr
583 1563 808 1649 inperseeione
826 1563 894 1630 deii'
910 1561 1077 1642 Universo,
1094 1563 1220 1628 intende
1232 1561 1362 1645 puriore
1377 1561 1544 1628 solamente

360 1673 439 1740 delio
455 1693 516 1742 suu
534 1670 685 1758 inteqm'to
707 1694 726 1742 o
754 1675 847 1750 mois,
867 1671 946 1750 eioi,
965 1675 1020 1742 ene
1042 1691 1109 1740 non
1137 1674 1187 1739 sio
1211 1681 1318 1755 porte,
1348 1669 1388 1740 ni
1418 1673 1473 1740 etse
1501 1670 1545 1754 qii

361 1785 488 1850 maneti
504 1794 598 1868 porte
620 1785 753 1863 ommno,
775 1801 830 1852 mo
850 1786 900 1850 sio
922 1792 1005 1851 tutto
1022 1786 1233 1868 pienomente.
1251 1782 1330 1848 Deli
1339 1782 1424 1849 uitro
1439 1782 1546 1865 perfe-

360 1896 450 1961 nione
468 1889 603 1960 trassero
620 1897 656 1960 in
673 1895 749 1960 ttetti
767 1903 896 1978 quuttro
913 1896 927 1959 i
945 1894 1019 1960 iibri
1035 1894 1084 1960 dei
1104 1893 1203 1968 osen,-
1220 1911 1259 1957 ne
1274 1895 1317 1958 nu
1331 1901 1461 1958 trottuto
1477 1891 1546 1956 nei-

362 2004 487 2070 iottooo
498 2004 578 2070 mtto
592 2022 653 2071 suu
666 2003 790 2081 Fisieu,
809 2006 862 2071 nei
879 2003 953 2070 ieri
970 2003 1045 2069 delio
1064 2003 1215 2078 Meteone,
1231 2001 1311 2067 mito
1324 2003 1543 2084 qenerosione,

362 2131 378 2177 e
409 2113 489 2179 delio
517 2115 689 2200 metofisieo
711 2132 846 2189 amoro,
876 2111 1002 2196 quen
1027 2121 1147 2196 quanto
1169 2115 1205 2179 in
1227 2114 1329 2198 questi
1350 2115 1379 2178 si
1398 2121 1545 2190 trotto,e

360 2231 481 2307 munte
499 2225 548 2290 dei
568 2224 650 2291 Cieio
668 2227 697 2291 si
713 2227 866 2300 dnemre,
885 2244 904 2292 o
922 2223 966 2308 qii
988 2225 1017 2290 si
1039 2223 1237 2298 attribuisse,
1261 2231 1342 2289 tutto
1363 2225 1545 2306 opportiene

361 2351 384 2399 u
402 2319 564 2402 eonoseere
583 2336 616 2401 io
629 2337 809 2420 possesione
827 2335 906 2401 um
924 2353 986 2402 sun
999 2343 1129 2400 notura.
1143 2333 1228 2400 Deoe
1239 2335 1416 2416 perimente
1431 2351 1546 2400 omer-

363 2445 434 2510 tirsi
460 2447 515 2510 ene
540 2464 602 2528 per
628 2445 653 2510 ii
680 2463 771 2510 nome
790 2445 839 2510 dei
857 2444 953 2520 Gieio,
973 2463 1038 2510 non
1053 2461 1174 2526 emnpre
1192 2443 1355 2510 e’iunncte
1373 2443 1478 2526 quesn
1493 2461 1546 2508 so-

358 2562 472 2619 stenen
485 2571 640 2638 superno,
655 2572 711 2622 ooe
725 2555 754 2620 si
770 2572 909 2636 eeqqono
925 2554 950 2619 ii
966 2551 1054 2631 Soio,
1072 2555 1104 2620 io
1122 2554 1231 2630 Lusio,
1249 2574 1267 2623 r
1284 2553 1311 2620 ie
1329 2551 1437 2630 Steiie,
1458 2573 1474 2619 e
1491 2555 1545 2618 ene

365 2683 418 2747 per
444 2664 615 2731 eeeeiieneo
642 2666 716 2729 nien
746 2674 981 2731 eomnnemente
1011 2667 1170 2732 eninmuto
1202 2666 1297 2742 Cieio,
1317 2683 1371 2732 mu
1387 2668 1416 2731 si
1428 2665 1546 2748 prende

362 2791 467 2856 spesso
484 2792 545 2857 per
563 2774 588 2839 ii
604 2772 723 2842 nonu
742 2783 837 2851 tutto,·
858 2778 935 2842 omi
952 2778 988 2842 in
1005 2787 1113 2860 questo
1132 2777 1264 2844 secondo
1278 2780 1454 2862 siqniqieuto
1467 2775 1547 2842 Ari·

362 2884 463 2952 sootiie
483 2884 511 2950 io
528 2886 669 2962 intende,
687 2895 808 2953 mentre
826 2885 901 2952 ouoi
912 2905 1048 2969 provere
1067 2889 1122 2954 eise
1138 2891 1188 2953 sio
1201 2890 1345 2972 perfetio.
1363 2875 1395 2952 Ε
1414 2887 1544 2971 dunque

362 2994 494 3060 iterem
513 3014 528 3061 e
546 2998 656 3063 enioro
667 3016 760 3063 senso
775 2997 809 3064 di
830 3007 942 3081 questo
963 3017 1024 3063 suo
1045 2999 1217 3081 questione,
1238 3015 1270 3062 se
1296 2997 1321 3060 ii
1350 2997 1469 3064 Mende
1496 2999 1546 3062 sio

357 3107 493 3190 perfetio
521 3106 554 3172 nt
580 3107 668 3173 moie.
699 3108 764 3174 Per
793 3110 886 3174 venir
903 3108 1030 3194 dunque
1047 3126 1069 3172 o
1086 3108 1256 3174 dimosirur
1273 3116 1383 3190 questo
1400 3113 1544 3178 assunto,

358 3223 512 3296 prometto
530 3217 643 3284 oioune
662 3220 834 3285 necessarie
851 3218 1044 3304 definitioni,
1064 3215 1129 3282 etos
1147 3217 1196 3282 eiei
1218 3219 1382 3292 continuo,
1406 3216 1546 3283 ‹tet-eor-

318 3307 330 3332 '
358 3343 414 3407 po,
437 3325 516 3391 detio
539 3327 636 3403 iinon,
660 3345 676 3391 e
699 3328 780 3396 steilo
800 3331 974 3413 superfieie.
994 3326 1047 3392 Do
1063 3327 1168 3410 queiio
1183 3327 1233 3392 dei
1249 3347 1342 3412 eorpo
1361 3327 1545 3401 emuniuit,

360 3436 415 3500 ene
430 3453 496 3500 esso
511 3455 603 3520 eorpo
617 3439 667 3503 sio
676 3440 821 3522 perpetio,
837 3439 960 3504 orendo
978 3445 1025 3504 tre
1042 3438 1240 3513 dimensioni,
1257 3439 1431 3521 iunqnezso
1442 3438 1546 3524 (dieo)

361 3545 540 3626 tammam,
570 3566 587 3610 e
612 3543 812 3631 profondiid,
841 3547 900 3612 oiie
930 3547 1019 3631 quoii
1042 3567 1108 3612 non
1129 3551 1158 3613 si
1170 3547 1237 3631 pun
1254 3552 1447 3632 oqqiuqnere
1463 3548 1547 3614 niem

361 3657 594 3737 moqniiudine,
613 3677 679 3722 non
695 3675 729 3722 se
746 3677 787 3722 ne
803 3659 989 3724 ritroeoneio
1005 3658 1078 3740 piu3
1098 3657 1195 3722 toleti
1213 3660 1328 3724 iesser
1340 3662 1490 3742 perfetio,
1515 3665 1548 3723 et

360 3783 459 3832 omne
478 3765 518 3852 (o
535 3775 643 3850 questo
656 3769 829 3850 proposito,
849 3788 868 3834 o
886 3772 922 3834 in
937 3777 1192 3851 questosoqqette
1203 3769 1369 3855 deieorpo)
1383 3767 1398 3834 i
1413 3770 1547 3834 iistesso

361 3894 450 3951 essu,
465 3876 623 3942 diunensi
632 3880 767 3962 perfetio
781 3879 883 3962 queiio
899 3897 921 3943 o
938 3881 988 3943 otti
1007 3882 1111 3944 niuno
1129 3897 1201 3944 noso
1218 3897 1346 3954 moneo,
1367 3899 1382 3943 e
1395 3898 1456 3962 per
1472 3897 1548 3944 eon·

359 3994 507 4068 sequente
526 3987 553 4052 ie
572 3991 713 4054 eontiene
733 3999 826 4065 tutte,
846 3991 884 4055 ed
901 3991 917 4056 e'
937 3999 1033 4066 tutto,·
1054 3991 1087 4057 cii
1109 3993 1199 4056 morio
1217 3993 1277 4058 toie
1301 3995 1355 4058 me
1377 3996 1480 4076 questi
1503 4002 1547 4058 tre

362 4099 503 4172 termini,
527 4096 648 4178 Omne,
672 4101 808 4178 Totum,
826 4103 1027 4178 Perfectum,
1046 4121 1111 4167 non
1129 4105 1238 4168 nonne
1254 4097 1378 4168 nemeto
1394 4103 1427 4167 eii
1444 4120 1548 4166 essen·-

359 4227 413 4283 so,
432 4227 487 4274 mu
502 4209 535 4276 in
553 4213 698 4278 rieeoono
715 4211 883 4278 soiomente
906 4213 1199 4296 neii'nppiieueione
1221 4229 1244 4277 n
1265 4213 1397 4278 moterie
1420 4212 1547 4276 diuerso.

362 4319 594 4388 Coneiossioeiei
618 4321 753 4390 i'Omne
774 4325 803 4389 si
824 4323 934 4388 udotto
956 4323 1014 4388 oiie
1038 4319 1187 4406 quontiiei
1209 4321 1356 4397 discrete,
1384 4321 1409 4386 ii
1428 4323 1549 4386 Totum

309 4479 312 4486 .
359 4431 418 4498 oiie
435 4435 597 4510 continue,
616 4435 654 4499 ed
669 4435 693 4501 ii
710 4435 897 4502 Perfectum
914 4435 972 4498 uile
989 4436 1090 4518 [omne
1113 4433 1278 4500 essenziuii
1302 4433 1340 4497 eei
1363 4429 1548 4498 msidentoii

359 4561 489 4609 oneoro.
509 4541 645 4627 anuno
657 4543 736 4628 pero
755 4544 788 4610 et
802 4547 863 4610 essi
878 4546 1006 4610 termini
1020 4545 1133 4608 denoto
1143 4547 1296 4626 pieneeen
1312 4542 1344 4607 es·
1356 4542 1544 4624 perfetione.

359 4653 526 4737 Aqqiunqe
544 4673 565 4720 u
581 4663 692 4738 queem
711 4655 953 4720 dimostrusione
968 4673 1037 4720 uno
1048 4655 1209 4736 positione
1225 4655 1275 4718 dei
1289 4653 1480 4734 Pittoqom‘ei
1489 4667 1548 4732 per

358 4765 587 4849 eonferenuriuq
604 4763 669 4834 oioi
688 4767 743 4834 ene
763 4763 789 4832 le
808 4783 875 4832 rose
894 4763 1029 4834 oneum
1049 4763 1079 4828 io
1097 4763 1143 4835 lor
1159 4764 1337 4848 perfetione
1357 4760 1410 4827 nei
1422 4760 1547 4844 prinei-
